<?xml version="1.0" encoding="UTF-8"?><collection xmlns="http://www.loc.gov/MARC21/slim"><record><leader>00518nam--2200133-i-4500</leader><controlfield tag="001">000029719</controlfield><controlfield tag="002">20161230</controlfield><controlfield tag="005">20161230201037</controlfield><controlfield tag="008">060222s1000------------r-----000-0-eng-d</controlfield><datafield ind1=" " ind2=" " tag="080"><subfield code="a">621.375.826</subfield></datafield><datafield ind1=" " ind2=" " tag="245"><subfield code="a">Laser welding and machining., papers presented at the engineering seminar on new industrial technologies at the pennsylvania state university, june 27 to july 2, 1965</subfield></datafield><datafield ind1=" " ind2=" " tag="260"><subfield code="a">University Park, Penn., The Pennsylvania State University, 1966, Vi + 156p</subfield></datafield><datafield ind1=" " ind2=" " tag="490"><subfield code="a">Engineering Proceedings P-44</subfield></datafield><datafield ind1=" " ind2=" " tag="852"><subfield code="a">27394</subfield></datafield></record></collection>